@inproceedings{abbas:15,
	  title={Optimal nbti degradation and pvt variation resistant device sizing in a full adder cell},
	  author={Abbas, Zia and Olivieri, Mauro and Khalid, Usman and Ripp, Andreas and Pronath, Michael},
	  booktitle={2015 4th International Conference on Reliability, Infocom Technologies and Optimization (ICRITO)(Trends and Future Directions)},
	  pages={1--6},
	  year={2015},
	  organization={IEEE},
	  address={India}
}


@book{neuberger2014protecting,
	  title={Protecting chips against hold time violations due to variability},
	    author={Neuberger, Gustavo and Wirth, Gilson and Reis, Ricardo},
	      year={2014},
	        publisher={Springer}
}


@book{posser2016electromigration,
	  title={Electromigration Inside Logic Cells: Modeling, Analyzing and Mitigating Signal Electromigration in NanoCMOS},
	    author={Posser, Gracieli and Sapatnekar, Sachin S and Reis, Ricardo},
	      year={2016},
	        publisher={Springer}
}

@inproceedings{conceiccao2016reducing,
	title={Reducing the number of transistors with gate clustering},
	author={Concei{\c{c}}{\~a}o, Calebe and Posser, Gracieli and Reis, Ricardo},
	booktitle={2016 IEEE 7th Latin American Symposium on Circuits \& Systems (LASCAS)},
	pages={163--166},
	year={2016},
	organization={IEEE}
}

@incollection{moraeslivrovlsi,
  author={Moraes, Leonardo B. and Zimpeck, Alexandra L. and Meinhardt, Cristina and Reis, Ricardo},
  title={Robust FinFET Schmitt Trigger Designs for Low Power Applications},
  booktitle={VLSI-SoC: EDA, the New Technology Enabler},
  editor={Metzler, Carolina and Gaillardo, Pierre-Emmanuel and Cardenas, Carlos S. and Reis, Ricardo },
  pages={24},
  year={2020},
  organization={Springer}
}

@inproceedings{moraes2018wcas,
  author={Moraes, Leonardo B. and Zimpeck, Alexandra L. and Meinhardt, Cristina and Reis, Ricardo},
  title={Process Variability Attenuation using Schmitt Trigger at Near-Threshold Operation},
  booktitle={In Proceedings: 2018 WCAS - Workshop on Circuits and Systems Design},
  pages={4},
  year={2018},
  organization={SBC/SBMICRO}
}


@inproceedings{moraes2019wcas,
  author={Moraes, Leonardo B. and Zimpeck, Alexandra L. and Meinhardt, Cristina and Reis, Ricardo},
  title={Low Energy and Process Variability Analysis over FinFET Schmitt Trigger Design},
  booktitle={In Proceedings: 2019 WCAS - Workshop on Circuits and Systems Design},
  pages={4},
  year={2019},
  organization={SBC/SBMICRO}
}

@inproceedings{moraes2018sim,
  author={Moraes, Leonardo B. and Zimpeck, Alexandra L. and Meinhardt, Cristina and Reis, Ricardo},
  title={Evaluation of Variability Through Schmitt Trigger Technique on CMOS Full Adder design},
  booktitle={In Proceedings: 2018 SIM - Simpósio de Microeletrônica},
  pages={4},
  year={2018},
  organization={SBC/SBMICRO}
}

@inproceedings{moraes2020iscas,
  author={Moraes, Leonardo B. and Zimpeck, Alexandra L. and Meinhardt, Cristina and Reis, Ricardo},
  title={Pros and Cons of ST and SIG FinFET Inverters for Low Power Designs},
  booktitle={2020 IEEE International Symposium on Circuits and Systems (ISCAS)},
  pages={5},
  year={2020},
  organization={IEEE}
}

@inproceedings{reis2020circuit,

  author={Reis, Ricardo and Meinhardt, Cristina and Zimpeck, Alexandra L and Brendler, Leonardo H and Moraes, Leonardo},
  title={Circuit Level Design Methods to Mitigate Soft Errors},
  booktitle={2020 IEEE Latin-American Test Symposium (LATS)},
  pages={1--3},
  year={2020},
  organization={IEEE}
}

@inproceedings{gielen2008emerging,
  title={Emerging yield and reliability challenges in nanometer CMOS technologies},
  author={Gielen, Georges and De Wit, Pieter and Maricau, Elie and Loeckx, Johan and Martin-Martinez, Javier and Kaczer, Ben and Groeseneken, Guido and Rodriguez, Rosana and Nafria, Montserrat},
  booktitle={Proceedings of the conference on Design, automation and test in Europe},
  pages={1322--1327},
  year={2008}
}

@article{blish2003critical,
  title={Critical reliability challenges for the international technology roadmap for semiconductors (ITRS)},
  author={Blish, Richard and Dellin, Ted and Huber, Steve and Johnson, M and Maiz, J and Likins, B and Lycoudes, N and PcPherson, J and Peng, Y and Peridier, C and others},
  journal={Technology Transfer},
  year={2003}
}

@article{shah2020soft,
  title={Soft error hardening enhancement analysis of NBTI tolerant Schmitt trigger circuit},
  author={Shah, Ambika Prasad and Rossi, Daniele and Sharma, Vishal and Vishvakarma, Santosh Kumar and Waltl, Michael},
  journal={Microelectronics Reliability},
  volume={107},
  pages={113617},
  year={2020},
  publisher={Elsevier}
}

@book{henzler2006power,
  title={Power management of digital circuits in deep sub-micron CMOS technologies},
  author={Henzler, Stephan},
  volume={25},
  year={2006},
  publisher={Springer Science \& Business Media}
}

@book{thiagoTIST,
  title={CMOS Amplifiers and Schmitt Triggers for Ultra-Low-Voltage Applications},
  author={Fernandes, Thiago},
  year={2019}
}

@book{colinge2008finfets,
  title={FinFETs and other multi-gate transistors},
  author={Colinge, Jean-Pierre and others},
  volume={73},
  year={2008},
  publisher={Springer}
}

@article{mustafa2013threshold,
  title={Threshold voltage sensitivity to metal gate work-function based performance evaluation of double-gate n-FinFET structures for LSTP technology},
  author={Mustafa, M and Bhat, Tawseef A and Beigh, MR},
  year={2013},
  publisher={Scientific Research Publishing}
}

@InCollection{nassif:08,
  title={Process variability at the 65nm node and beyond},
  author={S. Nassif},
  booktitle={Custom Integrated Circuits Conference, 2008. CICC 2008. IEEE},
  pages={1--8},
  year={2008},
  organization={IEEE}
}

@InCollection{islam2011design,
  title={Design and analysis of power and variability aware digital summing circuit},
  author={A. Islam and M. Hasan},
  journal={ACEEE Int. J. On Communication},
  volume={2},
  number={2},
  pages={6--14},
  year={2011}
}

@article{asenov2003simulation,
  title={Simulation of intrinsic parameter fluctuations in decananometer and nanometer-scale MOSFETs},
  author={Asenov, Asen and Brown, Andrew R and Davies, John H and Kaya, Savas and Slavcheva, Gabriela},
  journal={IEEE transactions on electron devices},
  volume={50},
  number={9},
  pages={1837--1852},
  year={2003},
  publisher={IEEE}
}

@article{frank2001device,
  title={Device scaling limits of Si MOSFETs and their application dependencies},
  author={Frank, David J and Dennard, Robert H and Nowak, Edward and Solomon, Paul M and Taur, Yuan and Wong, Hon-Sum Philip},
  journal={Proceedings of the IEEE},
  volume={89},
  number={3},
  pages={259--288},
  year={2001},
  publisher={IEEE}
}


@article{wong1999nanoscale,
  title={Nanoscale cmos},
  author={Wong, H-SP and Frank, David J and Solomon, Paul M and Wann, Clement HJ and Welser, Jeffrey J},
  journal={Proceedings of the IEEE},
  volume={87},
  number={4},
  pages={537--570},
  year={1999},
  publisher={IEEE}
}

@article{brunner2003optical,
  title={Why optical lithography will live forever},
  author={Brunner, Timothy A},
  journal={Journal of Vacuum Science \& Technology B: Microelectronics and Nanometer Structures Processing, Measurement, and Phenomena},
  volume={21},
  number={6},
  pages={2632--2637},
  year={2003},
  publisher={AVS}
}

@inproceedings{frank2000simulation,
  title={Simulation of stochastic doping effects in Si MOSFETs},
  author={Frank, David J and Wong, H-SP},
  booktitle={7th International Workshop on Computational Electronics. Book of Abstracts. IWCE (Cat. No. 00EX427)},
  pages={2--3},
  year={2000},
  organization={IEEE}
}

@InCollection{islam:10,
  title={Design and analysis of robust dual threshold cmos full adder circuit in 32nm technology},
  author={A. Islam and M. Akram and S. Pable and M. Hasan},
  booktitle={Advances in Recent Technologies in Communication and Computing (ARTCom), 2010 International Conference on},
  pages={418--420},
  year={2010},
  organization={IEEE}
}

@InCollection{shoarinejad:03,
  title={Low-power single-bit full adder cells},
  author={A. Shoarinejad and S. Ung and W. Badawy},
  journal={Canadian Journal of Electrical and Computer Engineering},
  volume={28},
  number={1},
  pages={3--9},
  year={2003},
  publisher={IEEE}
}

@InCollection{chen:03,
  title={Comparison of adaptive body bias (ABB) and adaptive supply voltage (ASV) for improving delay and leakage under the presence of process variation},
  author={T. Chen and S. Naffziger},
  journal={IEEE Transactions on Very Large Scale Integration (VLSI) Systems},
  volume={11},
  number={5},
  pages={888--899},
  year={2003},
  publisher={IEEE}
}

@article{luo2017sub,
  title={A sub-10 mV power converter with fully integrated self-start, MPPT, and ZCS control for thermoelectric energy harvesting},
  author={Luo, Zhihong and Zeng, Lei and Lau, Benjamin and Lian, Yong and Heng, Chun-Huat},
  journal={IEEE Transactions on Circuits and Systems I: Regular Papers},
  volume={65},
  number={5},
  pages={1744--1757},
  year={2017},
  publisher={IEEE}
}

@inproceedings{bose2018stacked,
  title={A Stacked-Inverter Ring Oscillator for 50 mV Fully-Integrated Cold-Start of Energy Harvesters},
  author={Bose, Soumya and Johnston, Matthew L},
  booktitle={2018 IEEE International Symposium on Circuits and Systems (ISCAS)},
  pages={1--5},
  year={2018},
  organization={IEEE}
}

@Book{rabaey2002digital,
  title={Digital integrated circuits},
  author={J. Rabaey and A. Chandrakasan and B. Nikolic},
  volume={2},
  year={2002},
  publisher={Prentice hall Englewood Cliffs}
}

@InCollection{melek:17,
  title={Analysis and Design of the Classical CMOS Schmitt Trigger in Subthreshold Operation},
  author={L. Melek and A. L. da Silva and M. C. Schneider and C. Galup-Montoro},
  journal={IEEE Transactions on Circuits and Systems I: Regular Papers},
  volume={64},
  number={4},
  pages={869--878},
  year={2017},
  publisher={IEEE}
}

@InCollection{shams2002performance,
  title={Performance analysis of low-power 1-bit CMOS full adder cells},
  author={A. M. Shams and T. K. Darwish and M. A. Bayoumi},
  journal={IEEE transactions on very large scale integration (VLSI) systems},
  volume={10},
  number={1},
  pages={20--29},
  year={2002},
  publisher={IEEE}
}

@InCollection{aghababa2009static,
  title={Static power optimization of a full-adder under front-end of line systematic variations},
  author={H. Aghababa and A. Afzali-Kusha and B. Forouzandeh},
  booktitle={Design and Test Workshop (IDT), 2009 4th International},
  pages={1--6},
  year={2009},
  organization={IEEE}
}

@InCollection{walker2010optimizing,
  title={Optimizing electronic standard cell libraries for variability tolerance through the nano-CMOS grid},
  author={J. A. Walker and R. Sinnott and G. Stewart and J. A. Hilder and A. M. Tyrrell},
  journal={Philosophical Transactions of the Royal Society of London A: Mathematical, Physical and Engineering Sciences},
  volume={368},
  number={1925},
  pages={3967--3981},
  year={2010},
  publisher={The Royal Society}
}

@InCollection{devadas1995survey,
  title={A survey of optimization techniques targeting low power VLSI circuits},
  author={S. Devadas and S. Malik},
  booktitle={Proceedings of the 32nd annual ACM/IEEE Design Automation Conference},
  pages={242--247},
  year={1995},
  organization={ACM}
}

@InCollection{chandrakasan1992low,
  title={Low-power CMOS digital design},
  author={A. P. Chandrakasan and S. Sheng and R. W. Brodersen},
  journal={IEICE Transactions on Electronics},
  volume={75},
  number={4},
  pages={371--382},
  year={1992},
  publisher={The Institute of Electronics, Information and Communication Engineers}
}

@InCollection{devgan2003leakage,
  title={Leakage issues in IC design: trends, estimation and avoidance},
  author={A. Devgan and S. Narendra and D. Blaauw and F. Najm},
  booktitle={Proceedings of ICCAD},
  year={2003}
}

@InCollection{gu2007width,
  title={Width-dependent statistical leakage modeling for random dopant induced threshold voltage shift},
  author={J. Gu and S. S. Sapatnekar and C. Kim},
  booktitle={Proceedings of the 44th annual Design Automation Conference},
  pages={87--92},
  year={2007},
  organization={ACM}
}

@InCollection{federspiel201228nm,
  title={28nm node bulk vs FDSOI reliability comparison},
  author={X. Federspiel and D. Angot and M. Rafik and F. Cacho and A. Bajolet and N. Planes and D. Roy and M. Haond and F. Arnaud},
  booktitle={Reliability Physics Symposium (IRPS), 2012 IEEE International},
  pages={3B--1},
  year={2012},
  organization={IEEE}
}

@InCollection{weber2008high,
  title={High immunity to threshold voltage variability in undoped ultra-thin FDSOI MOSFETs and its physical understanding},
  author={O. Weber and O. Faynot and F. Andrieu and C. Buj-Dufournet and F. Allain and P. Scheiblin and J. Foucher and N. Daval and D. Lafond and L. Tosti and others},
  booktitle={Electron Devices Meeting, 2008. IEDM 2008. IEEE International},
  pages={1--4},
  year={2008},
  organization={IEEE}
}

@InCollection{ames2016investigating,
  title={Investigating PVT variability effects on full adders},
  author={S. O. Ames and V. Zanandrea and I. F. V. Oliveira and S. P. Toledo and C. Meinhardt},
  booktitle={Power and Timing Modeling, Optimization and Simulation (PATMOS), 2016 26th International Workshop on},
  pages={155--161},
  year={2016},
  organization={IEEE}
}

@inproceedings{arjun2015alleviation,
  title={The alleviation of low power Schmitt trigger using FinFET technology},
  author={Arjun, Nilotpal and Marwah, Aushi and Akashe, Shyam},
  booktitle={2015 International Conference on Communication Networks (ICCN)},
  pages={328--333},
  year={2015},
  organization={IEEE}
}


@article{tache2018reliability,
  title={Reliability and performance of optimised Schmitt trigger gates},
  author={Tache, Mihai and Ibrahim, Walid and Kharbash, Fekri and Beiu, Valeriu},
  journal={The Journal of Engineering},
  volume={2018},
  number={8},
  pages={735--744},
  year={2018},
  publisher={IET}
}


@InCollection{dokania2015circuit,
  title={Circuit-level design technique to mitigate impact of process, voltage and temperature variations in complementary metal-oxide semiconductor full adder cells},
  author={V. Dokania and A. Islam},
  journal={IET Circuits, Devices \& Systems},
  volume={9},
  number={3},
  pages={204--212},
  year={2015},
  publisher={IET}
}

@InCollection{dokania2013investigation,
  title={Investigation of robust full adder cell in 16-nm CMOS technology node},
  author={V. Dokania and A. Imran and A. Islam},
  booktitle={Multimedia, Signal Processing and Communication Technologies (IMPACT), 2013 International Conference on},
  pages={207--211},
  year={2013},
  organization={IEEE}
}

@InCollection{beckett2002fine,
  title={A fine-grained reconfigurable logic array based on double gate transistors},
  author={P. Beckett},
  booktitle={Field-Programmable Technology, 2002.(FPT). Proceedings. 2002 IEEE International Conference on},
  pages={260--267},
  year={2002},
  organization={IEEE}
}

@InCollection{devadas2017design,
  title={Design topologies for low power cmos full adder},
  author={M. Devadas and K. L. Kishore},
  booktitle={Inventive Systems and Control (ICISC), 2017 International Conference on},
  pages={1--4},
  year={2017},
  organization={IEEE}
}

@article{van2004principles,
  title={Principles of semiconductor devices},
  author={Van Zeghbroeck, Bart},
  journal={Colarado University},
  volume={34},
  year={2004}
}

@Book{weste1985principles,
  title={Principles of CMOS VLSI design},
  author={N. H. E. Weste and K. Eshraghian},
  volume={188},
  year={1985},
  publisher={Addison-Wesley New York}
}



@InCollection{navi2009novel,
  title={A novel low-power full-adder cell for low voltage},
  author={K. Navi and M. Maeen and V. Foroutan and S. Timarchi and O. Kavehei},
  journal={INTEGRATION, the VLSI journal},
  volume={42},
  number={4},
  pages={457--467},
  year={2009},
  publisher={Elsevier}
}

@InCollection{shams2000novel,
  title={A novel high-performance CMOS 1-bit full-adder cell},
  author={A. M. Shams and M. A. Bayoumi},
  journal={IEEE Transactions on circuits and systems II: Analog and digital signal processing},
  volume={47},
  number={5},
  pages={478--481},
  year={2000},
  publisher={IEEE}
}

@InCollection{zhang2003low,
  title={Low voltage CMOS Schmitt trigger circuits},
  author={C. Zhang and A. Srivastava and P. K. Ajmera},
  journal={Electronics Letters},
  volume={39},
  number={24},
  pages={1696--1698},
  year={2003},
  publisher={IET}
}

@misc{WinNT,
  author = {C. Cockrill},
  title = {Understanding Schmitt Triggers - Application Report},
  year = 2011,
  url = {http://www.ti.com/lit/an/scea046/scea046.pdf},
  urldate = {2011-12-27}
}

@inproceedings{agarwal2002path,
  title={Path-based statistical timing analysis considering inter-and intra-die correlations},
  author={Agarwal, Aseem and Blaauw, David and Zolotov, Vladimir and Sundareswaran, Savithiri and Zhao, Min and Gala, Kaushik and Panda, Rajendran},
  booktitle={Proc. TAU},
  pages={16--21},
  year={2002}
}

@book{dietrich2011process,
  title={Process Variations and Probabilistic Integrated Circuit Design},
  author={Dietrich, Manfred and Haase, Joachim},
  year={2011},
  publisher={Springer Science \& Business Media}
}

@inproceedings{kanno2007empirical,
  title={Empirical characteristics and extraction of overall variations for 65-nm MOSFETs and beyond},
  author={Kanno, Michihiro and Shibuya, Akira and Matsumura, Masao and Tamura, Kazuhiro and Tsuno, Hitoshi and Mori, Shigetaka and Fukuzaki, Yuzo and Gocho, Tetsuo and Ansai, Hisahiro and Nagashima, Naoki},
  booktitle={2007 IEEE Symposium on VLSI Technology},
  pages={88--89},
  year={2007},
  organization={IEEE}
}

@InCollection{doki1984cmos,
  title={CMOS Schmitt triggers},
  author={B. L. Doki},
  booktitle={IEE Proceedings G-Electronic Circuits and Systems},
  volume={131},
  number={5},
  pages={197--202},
  year={1984},
  organization={IET}
}

@InCollection{sayed2002performance,
  title={Performance analysis of single-bit full adder cells using 0.18, 0.25, and 0.35 $\mu$m CMOS technologies.},
  author={M. Sayed and W. M. Badawy},
  booktitle={ISCAS (3)},
  pages={559--562},
  year={2002}
}

@InCollection{guduri2015design,
  title={Design of hybrid full adder in deep subthreshold region for ultralow power applications},
  author={M. Guduri and A. Islam},
  booktitle={Signal Processing and Integrated Networks (SPIN), 2015 2nd International Conference on},
  pages={931--935},
  year={2015},
  organization={IEEE}
}

@inproceedings{alioto2007delay,
  title={Delay variability due to supply variations in transmission-gate full adders},
  author={M. Alioto and G. Palumbo},
  booktitle={Circuits and Systems, 2007. ISCAS 2007. IEEE International Symposium on},
  pages={3732--3735},
  year={2007},
  organization={IEEE},
  address={University of Louisiana, New Orleans - USA}
}

@InCollection{islam2011variability,
  title={Variability immune finFET-based full adder design in subthreshold region},
  author={A. Islam and M. W. Akram and M. Hasan},
  booktitle={Devices and Communications (ICDeCom), 2011 International Conference on},
  pages={1--5},
  year={2011},
  organization={IEEE}
}

@InCollection{samuel2016,
    title={Impact of Schmitt Trigger Inverters on Process Variability robustness of 1-Bit Full Adders},
    author={S. P. Toledo and A. L. Zimpeck and C. Meinhardt},
    booktitle={Conference on Electronics, Circuits and Systems (ICECS)},
    year={2016},
    organization={IEEE}
}

@phdthesis{qian2015variability,
  title={Variability modeling and statistical parameter extraction for CMOS devices},
  author={Qian, Kun},
  year={2015},
  school={UC Berkeley}
}

@InCollection{rahimi2016variability,
  title={Variability mitigation in nanometer CMOS integrated systems: A survey of techniques from circuits to software},
  author={A. Rahimi and L. Benini and R. K. Gupta},
  journal={Proceedings of the IEEE},
  volume={104},
  number={7},
  pages={1410--1448},
  year={2016},
  publisher={IEEE}
}

@InCollection{zimpeck2016finfet,
  title={FinFET cells with different transistor sizing techniques against PVT variations},
  author={A. L. Zimpeck and C. Meinhardt and G. Posser and R. Reis},
  booktitle={Circuits and Systems (ISCAS), 2016 IEEE International Symposium on},
  pages={45--48},
  year={2016},
  organization={IEEE}
}

@article{ahmadi2017hybrid,
  title={A Hybrid Time Borrowing Technique to Improve the Performance of Digital Circuits in the Presence of Variations},
  author={M. Ahmadi and B. Alizadeh and B. Forouzandeh},
  journal={IEEE Transactions on Circuits and Systems I: Regular Papers},
  volume={64},
  number={1},
  pages={100--110},
  year={2016},
  publisher={IEEE}
}

@article{ahmad2016single,
  title={Single-ended Schmitt-trigger-based robust low-power SRAM cell},
  author={S. Ahmad and M. K. Gupta and N. Alam and M. Hasan},
  journal={IEEE Transactions on Very Large Scale Integration (VLSI) Systems},
  volume={24},
  number={8},
  pages={2634--2642},
  year={2016},
  publisher={IEEE}
}

@InCollection{moghaddam2017design,
  title={Design and Evaluation of an Efficient Schmitt Trigger-Based Hardened Latch in CNTFET Technology},
  author={M. Moghaddam and M. H. Moaiyeri and M. Eshghi},
  journal={IEEE Transactions on Device and Materials Reliability},
  volume={17},
  number={1},
  pages={267--277},
  year={2017},
  publisher={IEEE}
}

@InCollection{karel2016comparative,
  title={Comparative study of Bulk, FDSOI and FinFET technologies in presence of a resistive short defect},
  author={A. Karel and M. Comte and J. Galliere and F. Aza{\"\i}s and M. Renovell},
  booktitle={Test Symposium (LATS), 2016 17th Latin-American},
  pages={129--134},
  year={2016},
  organization={IEEE}
}

@article{nawaz2014comparison,
  title={Comparison of random dopant and gate-metal workfunction variability between junctionless and conventional FinFETs},
  author={Nawaz, Sk Masum and Dutta, Souvik and Chattopadhyay, Avik and Mallik, Abhijit},
  journal={IEEE electron device letters},
  volume={35},
  number={6},
  pages={663--665},
  year={2014},
  publisher={IEEE}
}

@inproceedings{schrom1997vlsi,
  title={VLSI performance metric based on minimum TCAD simulations},
  author={Schrom, Gerhard and De, Vivek and Selberherr, Siegfried},
  booktitle={SISPAD'97. 1997 International Conference on Simulation of Semiconductor Processes and Devices. Technical Digest},
  pages={25--28},
  year={1997},
  organization={IEEE}
}

@BOOK{taur2013fundamentals,
  title={Fundamentals of modern VLSI devices},
  author={Taur, Yuan and Ning, Tak H},
  year={2013},
  publisher={Cambridge university press}
}

@InCollection{meinhardt2014impact,
  title={Impact of gate workfunction fluctuation on FinFET standard cells},
  author={C. Meinhardt and A. L. Zimpeck and R. Reis},
  booktitle={Electronics, Circuits and Systems (ICECS), 2014 21st IEEE International Conference on},
  pages={574--577},
  year={2014},
  organization={IEEE}
}

@InCollection{wang2011statistical,
  title={Statistical threshold-voltage variability in scaled decananometer bulk HKMG MOSFETs: A full-scale 3-D simulation scaling study},
  author={X. Wang and A. R. Brown and N. Idris and S. Markov and G. Roy and A. Asenov},
  journal={IEEE Transactions on Electron Devices},
  volume={58},
  number={8},
  pages={2293--2301},
  year={2011},
  publisher={IEEE}
}

@InCollection{clark2016asap7,
  title={ASAP7: A 7-nm finFET predictive process design kit},
  author={L. T. Clark and V. Vashishtha and L. Shifren and A. Gujja and S. Sinha and B. Cline and C. Ramamurthy and G. Yeric},
  journal={Microelectronics Journal},
  volume={53},
  pages={105--115},
  year={2016},
  publisher={Elsevier}
}

@InCollection{FinFET01,
  author={R. C. Harrington and J. A. Maharrey and J. S. Kauppila and P. Nsengiyumva and D. R. Ball and T. D. Haeffner and E. X. Zhang and B. L. Bhuva and L. W. Massengill},
  journal={IEEE Transactions on Nuclear Science},
  title={Effect of Transistor Variants on Single-Event Transients at the 14/16nm Bulk FinFET Technology Generation},
  year={2018},
  volume={},
  number={},
  pages={1-1},
  keywords={FinFETs;Inverters;Logic gates;Pulse measurements;Threshold voltage;Transient analysis;Single-event effects;bulk finFET;heavy-ion;single-event transient;transistor variant},
  doi={10.1109/TNS.2018.2843260},
  ISSN={0018-9499},
  month={}
}

@InCollection{FinFET02,
author={P. Ren and C. Liu and S. Wan and J. Zhang and Z. Yu and N. Liu and Y. Sun and R. Wang and C. Zhan and Z. Gan and W. Wong and Y. Xia and R. Huang},
booktitle={2018 IEEE International Reliability Physics Symposium (IRPS)},
title={New insights into the HCI degradation of pass-gate transistor in advanced FinFET technology},
year={2018},
volume={},
number={},
pages={P-CR.3-1-P-CR.3-4},
keywords={MOSFET;semiconductor device models;semiconductor device reliability;HCI degradation;advanced FinFET technology;bidirectional stress;hot carrier injection;pass-gate HCI;pass-gate delay degradation;pass-gate transistor;reliability-aware circuit design;stress biases;Degradation;FinFETs;Human computer interaction;Integrated circuit modeling;Reliability;Stress;FinFET;HCI;Pass-gate transistor},
doi={10.1109/IRPS.2018.8353656},
ISSN={},
month={March},}

@InCollection{FinFET03,
author={Shiying Xiong and J. Bokor},
journal={IEEE Transactions on Electron Devices},
title={Sensitivity of double-gate and FinFETDevices to process variations},
year={2003},
volume={50},
number={11},
pages={2255-2261},
keywords={CMOS integrated circuits;MOSFET;Monte Carlo methods;doping profiles;fluctuations;quantum interference phenomena;semiconductor device models;sensitivity analysis;tolerance analysis;work function;20 nm;CMOS technology;FinFET devices;Monte Carlo simulation;body thickness variations;density gradient method;discrete impurity fluctuation;double-gate MOSFET;double-gate devices;electrical parameter sensitivity;fin width control;front-back oxide thickness mismatch;gate dielectric thickness variations;gate length variations;gate materials;ideal gate work function;integrated circuits;manufacturability;nearly intrinsic channel;oxide thickness variation;process tolerances;quantum effect;random dopant fluctuation;threshold voltage sensitivity;work function engineering;Dielectric materials;FinFETs;Fluctuations;Gradient methods;Impurities;Integrated circuit manufacture;Maintenance engineering;Manufacturing processes;Quantum computing;Threshold voltage},
doi={10.1109/TED.2003.818594},
ISSN={0018-9383},
month={Nov},}

@InCollection{FinFET04,
author={R. Zhang and T. Liu and K. Yang and L. Milor},
booktitle={2017 IEEE International Integrated Reliability Workshop (IIRW)},
title={Modeling of the reliability degradation of a FinFET-based SRAM due to bias temperature instability, hot carrier injection, and gate oxide breakdown},
year={2017},
volume={},
number={},
pages={1-4},
keywords={MOSFET;SRAM chips;hot carriers;integrated circuit modelling;integrated circuit reliability;BTI;FinFET;GOBD;HCI;SRAM cell lifetime;SRAM reliability degradation;bias temperature instability;gate oxide breakdown;hot carrier injection;time-dependent threshold voltage model;Degradation;Human computer interaction;Integrated circuit modeling;Logic gates;SRAM cells;Stress;Threshold voltage;Bias temperature instability;Error Correcting Codes;FinFET;Gate oxide breakdown;Hot carrier injection;Performance;Reliability;SRAM},
doi={10.1109/IIRW.2017.8361243},
ISSN={},
month={Oct},}

@InCollection{bhattacharya2014finfets,
  title={FinFETs: From devices to architectures},
  author={D. Bhattacharya and N. K. Jha},
  journal={Advances in Electronics},
  volume={2014},
  year={2014},
  publisher={Hindawi}
}

@InCollection{finfetchar1,
author={Tsu-Jae King},
booktitle={ICCAD-2005. IEEE/ACM International Conference on Computer-Aided Design, 2005.},
title={FinFETs for nanoscale CMOS digital integrated circuits},
year={2005},
volume={},
number={},
pages={207-210},
keywords={CMOS digital integrated circuits;MOSFET;leakage currents;nanoelectronics;CMOS digital integrated circuits;CMOS technologies;FinFET technology;device-to-device variability;gate length;leakage current;nanoscale integrated circuits;nonclassical transistor structures;standby power consumption;transistor performance;CMOS digital integrated circuits;CMOS integrated circuits;CMOS technology;Energy consumption;FETs;FinFETs;Integrated circuit technology;Leakage current;MOSFET circuits;Transistors},
doi={10.1109/ICCAD.2005.1560065},
ISSN={1092-3152},
month={Nov},}

@InCollection{finfetdis,
author={C. R. Manoj and N. Meenakshi. and V. Dhanya and V. Ramgopal Rao},
booktitle={2007 International Workshop on Physics of Semiconductor Devices},
title={Device optimization of bulk FinFETs and its comparison with SOI FinFETs},
year={2007},
volume={},
number={},
pages={134-137},
keywords={CMOS integrated circuits;MOSFET;leakage currents;silicon-on-insulator;SOI FinFET;SOI substrates;body doping profiles;bulk CMOS substrates;bulk FinFET;device optimization;short channel effects;subchannel leakage;CMOS technology;Circuit optimization;Circuit simulation;Doping profiles;FinFETs;Immune system;Ring oscillators;Semiconductor process modeling;Table lookup;Tuning},
doi={10.1109/IWPSD.2007.4472472},
ISSN={},
month={Dec},}

@InCollection{asenov1999random,
  title={Random dopant induced threshold voltage lowering and fluctuations in sub 50 nm MOSFETs: a statistical 3Datomistic'simulation study},
  author={A. Asenov},
  journal={Nanotechnology},
  volume={10},
  number={2},
  pages={153},
  year={1999},
  publisher={IOP Publishing}
}

@InCollection{FINFET05,
  title={Investigation of reliability characteristics in NMOS and PMOS FinFETs},
  author={W. Liao and Y. Liaw and M. Tang and S. Chakraborty and C. W. Liu},
  journal={IEEE Electron Device Letters},
  volume={29},
  number={7},
  pages={788--790},
  year={2008},
  publisher={IEEE}
}

@misc{ptm,
  author = {Y. Cao},
  title = {Predictive Technology Model (PTM [online])},
  year = 2018,
  url = {http://ptm.asu.edu/},
  urldate = {2018-06-18}
}

@article{alioto2015variations,
  title={Variations in nanometer CMOS flip-flops: Part I—Impact of process variations on timing},
  author={Alioto, Massimo and Consoli, Elio and Palumbo, Gaetano},
  journal={IEEE Transactions on Circuits and Systems I: Regular Papers},
  volume={62},
  number={8},
  pages={2035--2043},
  year={2015},
  publisher={IEEE}
}

@article{2000Simulations,
  title={Variations in nanometer CMOS flip-flops: Part II—Energy variability and impact of other sources of variations},
  author={Alioto, Massimo and Consoli, Elio and Palumbo, Gaetano},
  journal={IEEE Transactions on Circuits and Systems I: Regular Papers},
  volume={62},
  number={3},
  pages={835--843},
  year={2015},
  publisher={IEEE}
}

@article{wffSource,
author={H. F. Dadgour and K. Endo and V. K. De and K. Banerjee},
journal={IEEE Transactions on Electron Devices},
title={Grain-Orientation Induced Work Function Variation in Nanoscale Metal-Gate Transistors #x2014;Part I: Modeling, Analysis, and Experimental Validation},
year={2010},
volume={57},
number={10},
pages={2504-2514},
keywords={MOSFET;high-k dielectric thin films;nanoelectronics;semiconductor device models;statistical analysis;MOSFET devices;christened work-function variation;circuit design;grain-orientation induced work function variation;multinomial distribution;nanoscale metal-gate transistors;nonplanar high-k metal-gate transistors;planar high-k metal-gate transistors;probability distribution function;random threshold-voltage fluctuation;statistical distributions;Crystals;FCC;Logic gates;Metals;Transistors;X-ray scattering;Grain orientation;VLSI design;metal-gate devices;random variations;reliability;subthreshold leakage;threshold voltage;work-function (WF) variation (WFV)},
doi={10.1109/TED.2010.2063191},
ISSN={0018-9383},
month={Oct},}

@inbook{chava2015standard,
  title={Standard cell design in N7: EUV vs. immersion},
  author={B. Chava and D. Rio and Y. Sherazi and D. Trivkovic and W. Gillijns and P. Debacker and P. Raghavan and A. Elsaid and M. Dusa and A. Mercha},
  booktitle={Design-Process-Technology Co-optimization for Manufacturability IX},
  volume={9427},
  pages={94270E},
  year={2015},
  organization={International Society for Optics and Photonics}
}


@article{miorandi2012internet,
  title={Internet of things: Vision, applications and research challenges},
  author={Miorandi, Daniele and Sicari, Sabrina and De Pellegrini, Francesco and Chlamtac, Imrich},
  journal={Ad hoc networks},
  volume={10},
  number={7},
  pages={1497--1516},
  year={2012},
  publisher={Elsevier}
}

@article{stine1997analysis,
  title={Analysis and decomposition of spatial variation in integrated circuit processes and devices},
  author={Stine, Brian E and Boning, Duane S and Chung, James E},
  journal={IEEE Transactions on Semiconductor Manufacturing},
  volume={10},
  number={1},
  pages={24--41},
  year={1997},
  publisher={IEEE}
}

@inproceedings{manoli2010energy,
  title={Energy harvesting—From devices to systems},
  author={Manoli, Yiannos},
  booktitle={2010 Proceedings of ESSCIRC},
  pages={27--36},
  year={2010},
  organization={IEEE}
}

@inproceedings{bleitner2018comparison,
  title={Comparison and Optimization of the Minimum Supply Voltage of Schmitt Trigger Gates versus CMOS Gates under Process Variations},
  author={Bleitner, Alexander and Goeppert, Jacob and Lotze, Niklas and Keller, Matthias and Manoli, Yiannos},
  booktitle={ANALOG 2018; 16th GMM/ITG-Symposium},
  pages={1--6},
  year={2018},
  organization={VDE}
}

@article{fojtik2013millimeter,
  title={A millimeter-scale energy-autonomous sensor system with stacked battery and solar cells},
  author={Fojtik, Matthew and Kim, Daeyeon and Chen, Gregory and Lin, Yu-Shiang and Fick, David and Park, Junsun and Seok, Mingoo and Chen, Mao-Ter and Foo, Zhiyoong and Blaauw, David and others},
  journal={IEEE Journal of Solid-State Circuits},
  volume={48},
  number={3},
  pages={801--813},
  year={2013},
  publisher={IEEE}
}

@article{brown2010impact,
  title={Impact of metal gate granularity on threshold voltage variability: A full-scale three-dimensional statistical simulation study},
  author={Brown, Andrew R and Idris, Niza M and Watling, Jeremy R and Asenov, Asen},
  journal={IEEE Electron Device Letters},
  volume={31},
  number={11},
  pages={1199--1201},
  year={2010},
  publisher={IEEE}
}

@inproceedings{moraes2019exploring,
  title={Exploring Schmitt Trigger Circuits for Process Variability Mitigation},
  author={Moraes, LB and Zimpeck, AL and Meinhardt, C and Reis, R},
  booktitle={2019 17th IEEE International New Circuits and Systems Conference (NEWCAS)},
  pages={1--4},
  year={2019},
  organization={IEEE}
}

@inproceedings{moraes2019minimum,
  title={Minimum Energy FinFET Schmitt Trigger Design Considering Process Variability},
  author={Moraes, LB and Zimpeck, AL and Meinhardt, C and Reis, R},
  booktitle={2019 IFIP/IEEE 27th International Conference on Very Large Scale Integration (VLSI-SoC)},
  pages={88--93},
  year={2019},
  organization={IEEE}
}

@inproceedings{nassif1998within,
  title={Within-chip variability analysis},
  author={Nassif, Sani R},
  booktitle={International Electron Devices Meeting 1998. Technical Digest (Cat. No. 98CH36217)},
  pages={283--286},
  year={1998},
  organization={IEEE}
}

@inproceedings{toledo2018pros,
  title={Pros and Cons of Schmitt Trigger Inverters to Mitigate PVT Variability on Full Adders},
  author={Toledo, Samuel Presa and Zimpeck, Alexandra L and Reis, Ricardo and Meinhardt, Cristina},
  booktitle={2018 IEEE International Symposium on Circuits and Systems (ISCAS)},
  pages={1--5},
  year={2018},
  organization={IEEE}
}

@article{moraes2018evaluation,
  title={Evaluation of variability using Schmitt trigger on full adders layout},
  author={Moraes, Leonardo Barlette de and Zimpeck, AL and Meinhardt, C and Reis, R},
  journal={Microelectronics Reliability},
  volume={88},
  pages={116--121},
  year={2018},
  publisher={Elsevier}
}

@article{kulkarni2007160,
  title={A 160 mV robust Schmitt trigger based subthreshold SRAM},
  author={Kulkarni, Jaydeep P and Kim, Keejong and Roy, Kaushik},
  journal={IEEE Journal of Solid-State Circuits},
  volume={42},
  number={10},
  pages={2303--2313},
  year={2007},
  publisher={IEEE}
}

@article{hays201262,
  title={A 62 mV 0.13 um CMOS Standard-Cell-Based Design Technique Using Schmitt-Trigger Logic},
  author={Hays, Kirk I},
  year={2012}
}

@inproceedings{melek2014optimized,
  title={Optimized design of the CMOS Schmitt trigger for ultra-low-voltage operation},
  author={Melek, LAP and Schneider, MC and Galup-Montoro, C},
  booktitle={Proc. Iberchip},
  pages={1--4},
  year={2014}
}

@article{lotze2017ultra,
  title={Ultra-sub-threshold operation of always-on digital circuits for IoT applications by use of Schmitt trigger gates},
  author={Lotze, Niklas and Manoli, Yiannos},
  journal={IEEE Transactions on Circuits and Systems I: Regular Papers},
  volume={64},
  number={11},
  pages={2920--2933},
  year={2017},
  publisher={IEEE}
}

@article{wang1991cmos,
  title={CMOS adjustable Schmitt triggers},
  author={Wang, Zhenhua},
  journal={IEEE Transactions on instrumentation and Measurement},
  volume={40},
  number={3},
  pages={601--605},
  year={1991},
  publisher={IEEE}
}

@article{steyaert1986novel,
  title={Novel CMOS Schmitt trigger},
  author={Steyaert, Michel and Sansen, Willy},
  journal={Electronics Letters},
  volume={22},
  number={4},
  pages={203--204},
  year={1986},
  publisher={IET}
}

@article{kim1993new,
  title={A new waveform-reshaping circuit: an alternative approach to Schmitt trigger},
  author={Kim, Daejeong and Kih, Joongsik and Kim, Wonchan},
  journal={IEEE journal of solid-state circuits},
  volume={28},
  number={2},
  pages={162--164},
  year={1993},
  publisher={IEEE}
}

@article{pfister1992novel,
  title={Novel CMOS Schmitt trigger with controllable hysteresis},
  author={Pfister, A},
  journal={Electronics Letters},
  volume={28},
  number={7},
  pages={639--641},
  year={1992},
  publisher={IET}
}

@article{al2002low,
  title={Low power Schmitt trigger circuit},
  author={Al-Sarawi, SF},
  journal={Electronics letters},
  volume={38},
  number={18},
  pages={1009--1010},
  year={2002},
  publisher={IET}
}

@article{pedroni2005low,
  title={Low-voltage high-speed Schmitt trigger and compact window comparator},
  author={Pedroni, VA},
  journal={Electronics Letters},
  volume={41},
  number={22},
  pages={1213--1214},
  year={2005},
  publisher={IET}
}

@article{jeong2009impact,
  title={Impact of guardband reduction on design outcomes: A quantitative approach},
  author={Jeong, Kwangok and Kahng, Andrew B and Samadi, Kambiz},
  journal={IEEE Transactions on Semiconductor Manufacturing},
  volume={22},
  number={4},
  pages={552--565},
  year={2009},
  publisher={IEEE}
}

@article{jeon2012design,
  title={Design methodology for voltage-overscaled ultra-low-power systems},
  author={Jeon, Dongsuk and Seok, Mingoo and Zhang, Zhengya and Blaauw, David and Sylvester, Dennis},
  journal={IEEE Transactions on Circuits and Systems II: Express Briefs},
  volume={59},
  number={12},
  pages={952--956},
  year={2012},
  publisher={IEEE}
}

@article{dreslinski2010near,
  title={Near-threshold computing: Reclaiming moore's law through energy efficient integrated circuits},
  author={Dreslinski, Ronald G and Wieckowski, Michael and Blaauw, David and Sylvester, Dennis and Mudge, Trevor},
  journal={Proceedings of the IEEE},
  volume={98},
  number={2},
  pages={253--266},
  year={2010},
  publisher={IEEE}
}

@inproceedings{kahng2010slack,
  title={Slack redistribution for graceful degradation under voltage overscaling},
  author={Kahng, Andrew B and Kang, Seokhyeong and Kumar, Rakesh and Sartori, John},
  booktitle={2010 15th Asia and South Pacific Design Automation Conference (ASP-DAC)},
  pages={825--831},
  year={2010},
  organization={IEEE}
}

@article{chang2013synchronous,
  title={Synchronous-logic and asynchronous-logic 8051 microcontroller cores for realizing the internet of things: A comparative study on dynamic voltage scaling and variation effects},
  author={Chang, Kok-Leong and Chang, Joseph S and Gwee, Bah-Hwee and Chong, Kwen-Siong},
  journal={IEEE journal on emerging and selected topics in circuits and systems},
  volume={3},
  number={1},
  pages={23--34},
  year={2013},
  publisher={IEEE}
}

@inproceedings{bai2002uncertainty,
  title={Uncertainty-aware circuit optimization},
  author={Bai, Xiaoliang and Visweswariah, Chandu and Strenski, Philip N},
  booktitle={Proceedings of the 39th annual Design Automation Conference},
  pages={58--63},
  year={2002},
  organization={ACM}
}

@article{tschanz2002adaptive,
  title={Adaptive body bias for reducing impacts of die-to-die and within-die parameter variations on microprocessor frequency and leakage},
  author={Tschanz, James W and Kao, James T and Narendra, Siva G and Nair, Raj and Antoniadis, Dimitri A and Chandrakasan, Anantha P and De, Vivek},
  journal={IEEE Journal of Solid-State Circuits},
  volume={37},
  number={11},
  pages={1396--1402},
  year={2002},
  publisher={IEEE}
}

@inproceedings{borkar2004design,
  title={Design and reliability challenges in nanometer technologies},
  author={Borkar, Shekhar and Karnik, Tanay and De, Vivek and De, Vivek},
  booktitle={Proceedings of the 41st annual Design Automation Conference},
  pages={75--75},
  year={2004},
  organization={ACM}
}

@article{rithe2011effect,
  title={The effect of random dopant fluctuations on logic timing at low voltage},
  author={Rithe, Rahul and Chou, Sharon and Gu, Jie and Wang, Alice and Datla, Satyendra and Gammie, Gordon and Buss, Dennis and Chandrakasan, Anantha},
  journal={IEEE Transactions on Very Large Scale Integration (VLSI) Systems},
  volume={20},
  number={5},
  pages={911--924},
  year={2011},
  publisher={IEEE}
}

@article{kakoee2012variation,
  title={Variation-tolerant architecture for ultra low power shared-l1 processor clusters},
  author={Kakoee, Mohammad Reza and Loi, Igor and Benini, Luca},
  journal={IEEE Transactions on Circuits and Systems II: Express Briefs},
  volume={59},
  number={12},
  pages={927--931},
  year={2012},
  publisher={IEEE}
}

@inproceedings{pawlowski2012530mv,
  title={A 530mV 10-lane SIMD processor with variation resiliency in 45nm SOI},
  author={Pawlowski, Robert and Krimer, Evgeni and Crop, Joseph and Postman, Jacob and Moezzi-Madani, Nariman and Erez, Mattan and Chiang, Patrick},
  booktitle={2012 IEEE International Solid-State Circuits Conference},
  pages={492--494},
  year={2012},
  organization={IEEE}
}


@article{dighe2011within,
  title={Within-die variation-aware dynamic-voltage-frequency-scaling with optimal core allocation and thread hopping for the 80-core teraflops processor},
  author={Dighe, Saurabh and Vangal, Sriram R and Aseron, Paolo and Kumar, Shasi and Jacob, Tiju and Bowman, Keith A and Howard, Jason and Tschanz, James and Erraguntla, Vasantha and Borkar, Nitin and others},
  journal={IEEE Journal of Solid-State Circuits},
  volume={46},
  number={1},
  pages={184--193},
  year={2011},
  publisher={IEEE}
}

@inproceedings{austin2005opportunities,
  title={Opportunities and challenges for better than worst-case design},
  author={Austin, Todd and Bertacco, Valeria and Blaauw, David and Mudge, Trevor},
  booktitle={Proceedings of the 2005 Asia and South Pacific Design Automation Conference},
  pages={2--7},
  year={2005},
  organization={ACM}
}

@misc{ITRS,
  title = {The ITRS Website. [Online] Available:},
  howpublished = {\url{http://www.itrs.net/ITRS\%201999-2014\%20Mtgs,\%20Presentations\%20&\%20Links/2012ITRS/Home2012.htm}}
}

@article{pal2018circuit,
  title={Circuit-Level Technique to Design Variation-and Noise-Aware Reliable Dynamic Logic Gates},
  author={Pal, Indrajit and Islam, Aminul},
  journal={IEEE Trans. on Device and Materials Reliability},
  volume={18},
  number={2},
  pages={224--239},
  year={2018},
  publisher={IEEE}
}

@inproceedings{dadgour2008statistical,
  title={Statistical modeling of metal-gate work-function variability in emerging device technologies and implications for circuit design},
  author={Dadgour, Hamed and De, Vivek and Banerjee, Kaustav},
  booktitle={2008 IEEE/ACM International Conference on Computer-Aided Design},
  pages={270--277},
  year={2008},
  organization={IEEE}
}

@inproceedings{datta2003high,
  title={High mobility Si/SiGe strained channel MOS transistors with HfO/sub 2//TiN gate stack},
  author={Datta, Suman and Dewey, G and Doczy, M and Doyle, BS and Jin, B and Kavalieros, J and Kotlyar, R and Metz, M and Zelick, N and Chau, Robert},
  booktitle={IEEE International Electron Devices Meeting 2003},
  pages={28--1},
  year={2003},
  organization={IEEE}
}

@inproceedings{gusev2001ultrathin,
  title={Ultrathin high-K gate stacks for advanced CMOS devices},
  author={Gusev, EP and Buchanan, DA and Cartier, E and Kumar, A and DiMaria, D and Guha, S and Callegari, A and Zafar, S and Jamison, PC and Neumayer, DA and others},
  booktitle={International Electron Devices Meeting. Technical Digest (Cat. No. 01CH37224)},
  pages={20--1},
  year={2001},
  organization={IEEE}
}

@article{gusev2006advanced,
  title={Advanced high-$\kappa$ dielectric stacks with polySi and metal gates: Recent progress and current challenges},
  author={Gusev, Evgeni P and Narayanan, Vijay and Frank, Martin M},
  journal={IBM Journal of Research and Development},
  volume={50},
  number={4.5},
  pages={387--410},
  year={2006},
  publisher={IBM}
}

@article{hobbs2004fermi,
  title={Fermi-level pinning at the polysilicon/metal-oxide interface-Part II},
  author={Hobbs, Christopher C and Fonseca, Leonardo RC and Knizhnik, Andrey and Dhandapani, Veeraraghavan and Samavedam, Srikanth B and Taylor, William J and Grant, John M and Dip, LG and Triyoso, Dina H and Hegde, Rama I and others},
  journal={IEEE Transactions on Electron Devices},
  volume={51},
  number={6},
  pages={978--984},
  year={2004},
  publisher={IEEE}
}

@inproceedings{khan2014flexible,
  title={Flexible thermoelectric generator based on transfer printed Si microwires},
  author={Khan, Saleem and Dahiya, Ravinder S and Lorenzelli, Leandro},
  booktitle={2014 44th European Solid State Device Research Conference (ESSDERC)},
  pages={86--89},
  year={2014},
  organization={IEEE}
}

@inproceedings{farkhani2014comparative,
  title={Comparative study of FinFETs versus 22nm bulk CMOS technologies: SRAM design perspective},
  author={Farkhani, Hooman and Peiravi, Ali and Kargaard, Jens Madsen and Moradi, Farshad},
  booktitle={2014 27th IEEE International System-on-Chip Conference (SOCC)},
  pages={449--454},
  year={2014},
  organization={IEEE}
}

@inproceedings{wang2008statistical,
  title={Statistical prediction of circuit aging under process variations},
  author={Wang, Wenping and Reddy, Vijay and Yang, Bo and Balakrishnan, Varsha and Krishnan, Srikanth and Cao, Yu},
  booktitle={2008 IEEE Custom Integrated Circuits Conference},
  pages={13--16},
  year={2008},
  organization={IEEE}
}

@article{lombardo2005dielectric,
  title={Dielectric breakdown mechanisms in gate oxides},
  author={Lombardo, Salvatore and Stathis, James H and Linder, Barry P and Pey, Kin Leong and Palumbo, Felix and Tung, Chih Hang},
  journal={Journal of applied physics},
  volume={98},
  number={12},
  pages={12},
  year={2005},
  publisher={AIP}
}

@article{takeda1983empirical,
  title={An empirical model for device degradation due to hot-carrier injection},
  author={Takeda, E and Suzuki, N},
  journal={IEEE electron device letters},
  volume={4},
  number={4},
  pages={111--113},
  year={1983},
  publisher={IEEE}
}

@article{bernstein2006high,
  title={High-performance CMOS variability in the 65-nm regime and beyond},
  author={Bernstein, Kerry and Frank, David J and Gattiker, Anne E and Haensch, Wilfried and Ji, Brian L and Nassif, Sani R and Nowak, Edward J and Pearson, Dale J and Rohrer, Norman J},
  journal={IBM journal of research and development},
  volume={50},
  number={4.5},
  pages={433--449},
  year={2006},
  publisher={IBM}
}

@article{young1994failure,
  title={Failure mechanism models for electromigration},
  author={Young, Daniel and Christou, Aristos},
  journal={IEEE Transactions on Reliability},
  volume={43},
  number={2},
  pages={186--192},
  year={1994},
  publisher={IEEE}
}
